<marcxml:record xmlns:marcxml="http://www.loc.gov/MARC21/slim" xmlns:idx="info:lc/xq-modules/lcindex" xmlns:madsrdf="http://www.loc.gov/mads/rdf/v1#" xmlns:ri="http://id.loc.gov/ontologies/RecordInfo#" xmlns:xlink="http://www.w3.org/1999/xlink" xmlns:rdf="http://www.w3.org/1999/02/22-rdf-syntax-ns#" xmlns:mets="http://www.loc.gov/METS/" xmlns:semtriples="http://marklogic.com/semantic" xmlns:xsi="http://www.w3.org/2001/XMLSchema-instance" xmlns:streams="info:lc/streams#">
            <marcxml:leader>00851cz  a2200193n  4500</marcxml:leader>
            <marcxml:controlfield tag="001">sh2003001350</marcxml:controlfield>
            <marcxml:controlfield tag="003">DLC</marcxml:controlfield>
            <marcxml:controlfield tag="005">20031119132051.0</marcxml:controlfield>
            <marcxml:controlfield tag="008">031119|| anannbabn          |a ana      </marcxml:controlfield>
            <marcxml:datafield tag="010" ind1=" " ind2=" ">
              <marcxml:subfield code="a">sh2003001350</marcxml:subfield>
            </marcxml:datafield>
            <marcxml:datafield tag="040" ind1=" " ind2=" ">
              <marcxml:subfield code="a">DLC</marcxml:subfield>
              <marcxml:subfield code="b">eng</marcxml:subfield>
              <marcxml:subfield code="c">DLC</marcxml:subfield>
            </marcxml:datafield>
            <marcxml:datafield tag="110" ind1="2" ind2=" ">
              <marcxml:subfield code="a">Palazzo Caffarelli Vidoni (Rome, Italy)</marcxml:subfield>
            </marcxml:datafield>
            <marcxml:datafield tag="410" ind1="2" ind2=" ">
              <marcxml:subfield code="a">Caffarelli Vidoni Palazzo (Rome, Italy)</marcxml:subfield>
            </marcxml:datafield>
            <marcxml:datafield tag="410" ind1="2" ind2=" ">
              <marcxml:subfield code="a">Palazzo Vidoni (Rome, Italy)</marcxml:subfield>
            </marcxml:datafield>
            <marcxml:datafield tag="410" ind1="2" ind2=" ">
              <marcxml:subfield code="a">Vidoni Palazzo (Rome, Italy)</marcxml:subfield>
            </marcxml:datafield>
            <marcxml:datafield tag="550" ind1=" " ind2=" ">
              <marcxml:subfield code="w">g</marcxml:subfield>
              <marcxml:subfield code="a">Public buildings</marcxml:subfield>
              <marcxml:subfield code="z">Italy</marcxml:subfield>
            </marcxml:datafield>
            <marcxml:datafield tag="670" ind1=" " ind2=" ">
              <marcxml:subfield code="a">Work cat.: 2003382232: Palazzo Caffarelli Vidoni, c2002.</marcxml:subfield>
            </marcxml:datafield>
            <marcxml:datafield tag="670" ind1=" " ind2=" ">
              <marcxml:subfield code="a">I palazzi di Roma, c1991:</marcxml:subfield>
              <marcxml:subfield code="b">p. 97 (Palazzo Caffarelli Vidoni, on via del Sudario 53, corso V. Emanuele II, n. 116, and Piazza Vidoni) p. 534 (Palazzo Vidoni, see Palazzo Caffarelli Vidoni)</marcxml:subfield>
            </marcxml:datafield>
            <marcxml:datafield tag="670" ind1=" " ind2=" ">
              <marcxml:subfield code="a">Roma--palazzi, palazzetti, case, 1992:</marcxml:subfield>
              <marcxml:subfield code="b">p. 352 (Palazzo Caffarelli Vidoni, corso V. Emanuele II, n. 116)</marcxml:subfield>
            </marcxml:datafield>
          </marcxml:record>
